@book{scherz2006practical,
  title={Practical Electronics for Inventors},
  author={Scherz, Paul \& Monk, Simon},
  year={2006},
  publisher={McGraw-Hill, Inc.}
}

@article{systematiclcl2015,
author = {Sa√Ød-Romdhane, Marwa and Naouar, M.W. and Slama-Belkhodja, Ilhem and Monmasson, E.},
year = {2015},
month = {10},
pages = {13},
title = {Simple and systematic LCL filter design for three-phase grid-connected power converters},
volume = {130},
journal = {Mathematics and Computers in Simulation},
doi = {10.1016/j.matcom.2015.09.011}
}

@article{10.3389/fenrg.2024.1498514,
author={Nyamathulla, Shaik  and C., Dhanamjayulu },
title={Design and implementation of a PV-tied effective inverter with high reliability and low THD for distribution-grid applications},  
journal={Frontiers in Energy Research},  
vaolume={Volume 12 - 2024},
YEAR={2024},
URL={https://www.frontiersin.org/journals/energy-research/articles/10.3389/fenrg.2024.1498514},
DOI={10.3389/fenrg.2024.1498514},
ISSN={2296-598X}
}

@article{al2022photovoltaic,
  title={Photovoltaic solar cells: a review},
  author={Al-Ezzi, Athil S and Ansari, Mohamed Nainar M},
  journal={Applied System Innovation},
  volume={5},
  number={4},
  pages={67},
  year={2022},
  publisher={MDPI}
}

@article{de2023sliding,
  title={Sliding mode control for single-phase grid-connected voltage source inverter with l and lcl filters},
  author={de Brito, Moacyr AG and Dourado, Egon HB and Sampaio, Leonardo P and da Silva, Sergio AO and Garcia, Raymundo C},
  journal={Eng},
  volume={4},
  number={1},
  pages={301--316},
  year={2023},
  publisher={MDPI}
}

@inproceedings{pena2014robust,
  title={Robust control of a single-phase VSI with LCL filter for grid-tie and islanded operation modes applied to PV distributed generation in microgrids environment},
  author={Pe{\~n}a, Jos{\'e} CU and Melo, Guilherme and Canesin, Carlos A and Sampaio, Leonardo P},
  booktitle={2014 IEEE Energy Conversion Congress and Exposition (ECCE)},
  pages={785--792},
  year={2014},
  organization={Ieee}
}

@article{reznik2013lcl,
  title={LCL filter design and performance analysis for grid-interconnected systems},
  author={Reznik, Aleksandr and Simoes, Marcelo Godoy and Al-Durra, Ahmed and Muyeen, SM},
  journal={IEEE transactions on industry applications},
  volume={50},
  number={2},
  pages={1225--1232},
  year={2013},
  publisher={IEEE}
}

@article{morroni2009adaptive,
  title={Adaptive tuning of switched-mode power supplies operating in discontinuous and continuous conduction modes},
  author={Morroni, Jeffrey and Corradini, Luca and Zane, Regan and Maksimovic, Dragan},
  journal={IEEE Transactions on Power Electronics},
  volume={24},
  number={11},
  pages={2603--2611},
  year={2009},
  publisher={IEEE}
}

@ARTICLE{9454343,
  author={Shahzad, Danish and Pervaiz, Saad and Zaffar, Nauman Ahmad and Afridi, Khurram K.},
  journal={IEEE Transactions on Power Electronics}, 
  title={GaN-Based High-Power-Density AC-DC-AC Converter for Single-Phase Transformerless Online Uninterruptible Power Supply}, 
  year={2021},
  volume={36},
  number={12},
  pages={13968-13984},
  doi={10.1109/TPEL.2021.3089079}
}

@book{zumbahlen2007basic,
  title={Basic linear design},
  author={Zumbahlen, Hank},
  year={2007},
  publisher={Analog Devices Norwood, MA}
}

@book{rashid2013power,
  author = {Espinoza, Jose R.},
  editor = {Rashid, Muhammad H},
  publisher = {Elseivier},
  title = {Power Electronics Handbook - Devices, Circuits, and Applications},
  pages = {357--409},
  year = {2011}
}

@article{psocdatasheet,
  publisher = {Infineon Technologies AG},
  title = {PSoC Control C3 architecture},
  URL = {https://www.infineon.com/dgdl/Infineon-PSOC_Control_C3_architecture_TRM-AdditionalTechnicalInformation-v04_00-EN.pdf?fileId=8ac78c8c93956f5001939dcf51574bc8},
  year = {2024},
  month = {12},
  day = {06},
  note = "Accessed: 2025-6-23"
}